<record><leader>00000cas a2200000 a 4500</leader><controlfield tag="001">32708991</controlfield><controlfield tag="007">hd afu---baca</controlfield><controlfield tag="008">950626d19771995nbudr nea     0   a0eng d</controlfield><datafield ind1=" " ind2=" " tag="010"><subfield code="a">sn 95069705 </subfield></datafield><datafield ind1=" " ind2=" " tag="040"><subfield code="a">NVG</subfield><subfield code="b">eng</subfield><subfield code="c">NVG</subfield><subfield code="d">OCL</subfield><subfield code="d">OCLCQ</subfield><subfield code="d">OCLCO</subfield><subfield code="d">OCLCQ</subfield></datafield><datafield ind1="1" ind2=" " tag="022"><subfield code="a">1054-7983</subfield><subfield code="l">1054-7983</subfield><subfield code="2">1</subfield></datafield><datafield ind1=" " ind2=" " tag="032"><subfield code="a">313560</subfield><subfield code="b">USPS</subfield></datafield><datafield ind1=" " ind2=" " tag="037"><subfield code="b">Journal-Star Printing Co., Circulation Dept., Box 81609, Lincoln, NB 68501.</subfield></datafield><datafield ind1=" " ind2=" " tag="042"><subfield code="a">msc</subfield></datafield><datafield ind1=" " ind2=" " tag="043"><subfield code="a">n-us-nb</subfield></datafield><datafield ind1="0" ind2=" " tag="130"><subfield code="a">Lincoln journal (Lincoln, Neb.)</subfield></datafield><datafield ind1=" " ind2="0" tag="222"><subfield code="a">Lincoln journal</subfield><subfield code="b">(Lincoln, Neb.)</subfield></datafield><datafield ind1="1" ind2="0" tag="245"><subfield code="a">Lincoln journal.</subfield></datafield><datafield ind1="3" ind2=" " tag="246"><subfield code="a">Sunday journal and star</subfield></datafield><datafield ind1="3" ind2=" " tag="246"><subfield code="a">Sunday journal-star</subfield></datafield><datafield ind1="1" ind2=" " tag="246"><subfield code="i">On Saturdays, Sundays, and national holidays published as:</subfield><subfield code="a">Lincoln journal-star,</subfield><subfield code="f">Dec. 22, 1990-Aug. 6, 1995</subfield></datafield><datafield ind1=" " ind2=" " tag="260"><subfield code="a">Lincoln, Neb. :</subfield><subfield code="b">Journal Star Print. Co.,</subfield><subfield code="c">1977-1995.</subfield></datafield><datafield ind1=" " ind2=" " tag="300"><subfield code="a">21 volumes :</subfield><subfield code="b">illustrations ;</subfield><subfield code="c">58 cm</subfield></datafield><datafield ind1=" " ind2=" " tag="310"><subfield code="a">Daily</subfield></datafield><datafield ind1=" " ind2=" " tag="336"><subfield code="a">text</subfield><subfield code="b">txt</subfield><subfield code="2">rdacontent</subfield></datafield><datafield ind1=" " ind2=" " tag="337"><subfield code="a">microform</subfield><subfield code="b">h</subfield><subfield code="2">rdamedia</subfield></datafield><datafield ind1=" " ind2=" " tag="338"><subfield code="a">microfilm reel</subfield><subfield code="b">hd</subfield><subfield code="2">rdacarrier</subfield></datafield><datafield ind1="0" ind2=" " tag="362"><subfield code="a">Vol. 110, no. 86 (Apr. 11, 1977)-v. 130, no. 152 (Aug. 4, 1995).</subfield></datafield><datafield ind1=" " ind2=" " tag="500"><subfield code="a">On Sundays published as: Sunday journal and star, 1977-May 6, 1984; Sunday journal-star, May 13, 1984-Dec. 16, 1990.</subfield></datafield><datafield ind1=" " ind2=" " tag="580"><subfield code="a">Merged with: Lincoln star, to form: Lincoln journal star.</subfield></datafield><datafield ind1=" " ind2=" " tag="533"><subfield code="a">Microfilm.</subfield><subfield code="b">Wooster, Ohio :</subfield><subfield code="c">Bell &amp; Howell.</subfield><subfield code="e">microfilm reels ; 35 mm.</subfield></datafield><datafield ind1=" " ind2=" " tag="752"><subfield code="a">United States</subfield><subfield code="b">Nebraska</subfield><subfield code="c">Lancaster</subfield><subfield code="d">Lincoln.</subfield></datafield><datafield ind1="1" ind2=" " tag="776"><subfield code="c">Original</subfield><subfield code="w">(DLC)sn 84020262</subfield></datafield><datafield ind1="0" ind2="0" tag="780"><subfield code="t">Lincoln evening journal (Lincoln, Neb. : 1973)</subfield><subfield code="w">(DLC)sn 95069704</subfield></datafield><datafield ind1="1" ind2="7" tag="785"><subfield code="t">Lincoln star</subfield><subfield code="x">1054-7975</subfield><subfield code="w">(DLC)sn 95069840</subfield></datafield><datafield ind1="1" ind2="7" tag="785"><subfield code="t">Lincoln journal star</subfield><subfield code="x">1084-5283</subfield></datafield><datafield ind1="1" ind2=" " tag="029"><subfield code="a">AU@</subfield><subfield code="b">000011785695</subfield></datafield></record>